@inproceedings{DBLP:conf/dali/MarinPPS20,
  author    = {Sonia Marin and
               Luiz Carlos Pereira and
               Elaine Pimentel and
               Emerson Sales},
  title     = {Ecumenical Modal Logic},
  booktitle = {DaL{\'{\i}} 2020},
  series    = {LNCS},
  volume    = {12569},
  pages     = {187--204},
  publisher = {Springer},
  year      = {2020},
  url       = {https://doi.org/10.1007/978-3-030-65840-3\_12},
  doi       = {10.1007/978-3-030-65840-3\_12},
  timestamp = {Sat, 09 Jan 2021 14:14:37 +0100},
  biburl    = {https://dblp.org/rec/conf/dali/MarinPPS20.bib},
  bibsource = {dblp computer science bibliography, https://dblp.org}
}

@article{DBLP:journals/corr/abs-2101-03113,
  author    = {Carlos Olarte and
               Elaine Pimentel and
               Camilo Rocha},
  title     = {A Rewriting Logic Approach to Specification, Proof-search, and Meta-proofs
               in Sequent Systems},
  journal   = {CoRR},
  volume    = {abs/2101.03113},
  year      = {2021},
  url       = {https://arxiv.org/abs/2101.03113},
  archivePrefix = {arXiv},
  eprint    = {2101.03113},
  timestamp = {Thu, 21 Jan 2021 14:42:30 +0100},
  biburl    = {https://dblp.org/rec/journals/corr/abs-2101-03113.bib},
  bibsource = {dblp computer science bibliography, https://dblp.org}
}


@article{DBLP:journals/tcs/MillerP13,
  author    = {Dale Miller and
               Elaine Pimentel},
  title     = {A formal framework for specifying sequent calculus proof systems},
  journal   = {Theor. Comput. Sci.},
  volume    = {474},
  pages     = {98--116},
  year      = {2013},
  url       = {https://doi.org/10.1016/j.tcs.2012.12.008},
  doi       = {10.1016/j.tcs.2012.12.008},
  timestamp = {Wed, 17 Feb 2021 21:56:47 +0100},
  biburl    = {https://dblp.org/rec/journals/tcs/MillerP13.bib},
  bibsource = {dblp computer science bibliography, https://dblp.org}
}

@article{DBLP:journals/synthese/PimentelPP21,
  author    = {Elaine Pimentel and
               Luiz Carlos Pereira and
               Valeria de Paiva},
  title     = {An ecumenical notion of entailment},
  journal   = {Synthese},
  volume    = {198},
  number    = {22-S},
  pages     = {5391--5413},
  year      = {2021},
  url       = {https://doi.org/10.1007/s11229-019-02226-5},
  doi       = {10.1007/s11229-019-02226-5},
  timestamp = {Thu, 11 Nov 2021 16:19:13 +0100},
  biburl    = {https://dblp.org/rec/journals/synthese/PimentelPP21.bib},
  bibsource = {dblp computer science bibliography, https://dblp.org}
}

@article{DBLP:journals/igpl/MaffezioliN19,
  author    = {Paolo Maffezioli and
               Alberto Naibo},
  title     = {An intuitionistic logic for preference relations},
  journal   = {Log. J. {IGPL}},
  volume    = {27},
  number    = {4},
  pages     = {434--450},
  year      = {2019},
  url       = {https://doi.org/10.1093/jigpal/jzz013},
  doi       = {10.1093/jigpal/jzz013},
  timestamp = {Fri, 06 Mar 2020 22:00:07 +0100},
  biburl    = {https://dblp.org/rec/journals/igpl/MaffezioliN19.bib},
  bibsource = {dblp computer science bibliography, https://dblp.org}
}

@article{DBLP:journals/corr/abs-2204-02199,
  author    = {Luiz Carlos Pereira and
               Elaine Pimentel},
  title     = {On an ecumenical natural deduction with stoup - Part {I:} The propositional
               case},
  journal   = {CoRR},
  volume    = {abs/2204.02199},
  year      = {2022},
  url       = {https://doi.org/10.48550/arXiv.2204.02199},
  doi       = {10.48550/arXiv.2204.02199},
  eprinttype = {arXiv},
  eprint    = {2204.02199},
  timestamp = {Wed, 06 Apr 2022 14:29:31 +0200},
  biburl    = {https://dblp.org/rec/journals/corr/abs-2204-02199.bib},
  bibsource = {dblp computer science bibliography, https://dblp.org}
}

@article{DBLP:journals/corr/abs-1901-09812,
  author    = {Tiziano Dalmonte and
               Charles Grellois and
               Nicola Olivetti},
  title     = {Intuitionistic Non-Normal Modal Logics: {A} general framework},
  journal   = {CoRR},
  volume    = {abs/1901.09812},
  year      = {2019},
  url       = {http://arxiv.org/abs/1901.09812},
  archivePrefix = {arXiv},
  eprint    = {1901.09812},
  timestamp = {Sat, 02 Feb 2019 16:56:00 +0100},
  biburl    = {https://dblp.org/rec/journals/corr/abs-1901-09812.bib},
  bibsource = {dblp computer science bibliography, https://dblp.org}
}

@unpublished{marin:hal-02390454,
  TITLE = {{A fully labelled proof system for intuitionistic modal logics}},
  AUTHOR = {Marin, Sonia and Morales, Marianela and Stra{\ss}burger, Lutz},
  URL = {https://hal.inria.fr/hal-02390454},
  NOTE = {working paper or preprint},
  YEAR = {2019},
  MONTH = Sep,
  PDF = {https://hal.inria.fr/hal-02390454/file/main.pdf},
  HAL_ID = {hal-02390454},
  HAL_VERSION = {v1},
}

@article{DBLP:journals/aml/KuznetsS19,
  author    = {Roman Kuznets and
               Lutz Stra{\ss}burger},
  title     = {Maehara-style modal nested calculi},
  journal   = {Arch. Math. Log.},
  volume    = {58},
  number    = {3-4},
  pages     = {359--385},
  year      = {2019},
  doi       = {10.1007/s00153-018-0636-1},
  timestamp = {Tue, 20 Aug 2019 15:26:06 +0200},
  biburl    = {https://dblp.org/rec/journals/aml/KuznetsS19.bib},
  bibsource = {dblp computer science bibliography, https://dblp.org}
}

@article{DBLP:journals/corr/ArisakaDS15,
  author    = {Ryuta Arisaka and
               Anupam Das and
               Lutz Stra{\ss}burger},
  title     = {On Nested Sequents for Constructive Modal Logics},
  journal   = {Logical Methods in Computer Science},
  volume    = {11},
  number    = {3},
  year      = {2015},
  doi       = {10.2168/LMCS-11(3:7)2015},
  timestamp = {Tue, 14 May 2019 16:31:20 +0200},
  biburl    = {https://dblp.org/rec/journals/corr/ArisakaDS15.bib},
  bibsource = {dblp computer science bibliography, https://dblp.org}
}

@inproceedings{DBLP:conf/fossacs/Strassburger13,
  author    = {Lutz Stra{\ss}burger},
  title     = {Cut Elimination in Nested Sequents for Intuitionistic Modal Logics},
  booktitle = {Proceedings of FOSSACS 2013},
  pages     = {209--224},
  year      = {2013},
  doi       = {10.1007/978-3-642-37075-5\_14},
  timestamp = {Tue, 14 May 2019 10:00:55 +0200},
  biburl    = {https://dblp.org/rec/conf/fossacs/Strassburger13.bib},
  bibsource = {dblp computer science bibliography, https://dblp.org}
}

@inproceedings{DBLP:conf/rta/ChaudhuriMS16,
  author    = {Kaustuv Chaudhuri and
               Sonia Marin and
               Lutz Stra{\ss}burger},
  title     = {Modular Focused Proof Systems for Intuitionistic Modal Logics},
  booktitle = {FSCD 2016},
  pages     = {16:1--16:18},
  year      = {2016},
  url       = {https://doi.org/10.4230/LIPIcs.FSCD.2016.16},
  doi       = {10.4230/LIPIcs.FSCD.2016.16},
  timestamp = {Thu, 02 May 2019 17:40:18 +0200},
  biburl    = {https://dblp.org/rec/bib/conf/rta/ChaudhuriMS16},
  bibsource = {dblp computer science bibliography, https://dblp.org}
}

@phdthesis{Sim94,
  Author = {Alex K. Simpson},
  Title = {The Proof Theory and Semantics of Intuitionistic Modal Logic},
  School = {College of Science and Engineering, School of Informatics, University of Edinburgh},
  Year = {1994}
}

@book{Vig00,
	Author = {Luca Vigan\`o},
	Publisher = {Kluwer Academic Publishers},
	Title = {Labelled Non-Classical Logics},
	Year = {2000}}
	
@book{blackburn_rijke_venema_2001, 
place={Cambridge}, 
series={Cambridge Tracts in Theoretical Computer Science}, 
title={Modal Logic}, 
DOI={10.1017/CBO9781107050884}, 
publisher={Cambridge University Press}, 
author={Blackburn, Patrick and Rijke, Maarten de and Venema, Yde}, 
year={2001}, 
collection={Cambridge Tracts in Theoretical Computer Science}
}


@book{Pog11,
	Author = {Francesca Poggiolesi},
	Publisher = {Springer},
	Title = {Gentzen Calculi for Modal Propositional Logic},
	Year = {2011}}

@inproceedings{Sah75,
  author    = {Henrik Sahlqvist},
  title     = {Completeness and correspondence in first and second order semantics for modal logic},
  booktitle = {Proceedings of the Third Scandinavian Logic Symposium},
  year      = {1975},
  pages     = {110-143},
  editor = {S. Kanger, North Holland}
}

@article{Neg05,
  author    = {Sara Negri},
  title     = {Proof Analysis in Modal Logic},
  journal   = {J. Philosophical Logic},
  volume    = {34},
  number    = {5-6},
  pages     = {507--544},
  year      = {2005},
  doi       = {10.1007/s10992-005-2267-3},
  timestamp = {Thu, 10 May 2012 13:14:15 +0200},
  biburl    = {http://dblp.uni-trier.de/rec/bib/journals/jphil/Negri05},
  bibsource = {dblp computer science bibliography, http://dblp.org}
}



@article{Brunnler:2009kx,
	Author = {Kai Br{\"u}nnler},
	Journal = {Arch. Math. Log.},
	Pages = {551-577},
	Title = {Deep Sequent Systems for Modal Logic},
	Volume = {48},
	Year = {2009}
}

 @inproceedings{DBLP:conf/birthday/GabbayG05,
  author    = {Michael Gabbay and
               Murdoch Gabbay},
  editor    = {Sergei N. Art{\"{e}}mov and
               Howard Barringer and
               Artur S. d'Avila Garcez and
               Lu{\'{\i}}s C. Lamb and
               John Woods},
  title     = {Some Formal Considerations on {G}abbay's Restart Rule in Natural Deduction
               and Goal-Directed Reasoning},
  booktitle = {We Will Show Them! Essays in Honour of Dov Gabbay, Volume One},
  pages     = {701--730},
  publisher = {College Publications},
  year      = {2005},
  timestamp = {Thu, 09 Jul 2020 09:13:39 +0200},
  biburl    = {https://dblp.org/rec/conf/birthday/GabbayG05.bib},
  bibsource = {dblp computer science bibliography, https://dblp.org}
}

@book{Gabbay:1996bk,
	Author = {Dov Gabbay},
	Publisher = {Clarendon Press},
	Title = {Labelled Deductive Systems},
	Year = {1996},
}


@article{DBLP:journals/amai/Avron91,
  author    = {Arnon Avron},
  title     = {Hypersequents, logical consequence and intermediate logics for concurrency},
  journal   = {Ann. Math. Artif. Intell.},
  volume    = {4},
  pages     = {225--248},
  year      = {1991},
  url       = {https://doi.org/10.1007/BF01531058},
  doi       = {10.1007/BF01531058},
  timestamp = {Sun, 28 May 2017 13:21:00 +0200},
  biburl    = {https://dblp.org/rec/bib/journals/amai/Avron91},
  bibsource = {dblp computer science bibliography, https://dblp.org}
}

@incollection{Avron:1996kx,
	Author = {Arnon Avron},
	Booktitle = {Logic: From Foundations to Applications},
	Date-Added = {2013-07-09 16:13:17 +0100},
	Date-Modified = {2013-07-09 16:15:05 +0100},
	Editor = {Wilfrid Hodges and Martin Hyland and Charles Steinhorn and John Truss},
	Publisher = {Clarendon Press New York},
	Title = {The method of hypersequents in the proof theory of propositional non-classical logics},
	Year = {1996}}

@inproceedings{DBLP:conf/wollic/Pimentel18,
  author    = {Elaine Pimentel},
  title     = {A Semantical View of Proof Systems},
  booktitle = {Logic, Language, Information, and Computation - 25th International
               Workshop, WoLLIC 2018, Bogota, Colombia, July 24-27, 2018, Proceedings},
  pages     = {61--76},
  year      = {2018},
}

@article{Bull:1992,
  author = {Robert A. Bull},
  title = {Cut elimination for propositional dynamic logic wihout *},
  year = {1992},
  journal = {Zeitschr. f. math. Logik und Grundlagen d. Math.},
  pages = {85-100},
  volume = {38}
}

@article{DBLP:journals/sLogica/Kashima94,
  author    = {Ryo Kashima},
  title     = {Cut-free sequent calculi for some tense logics},
  journal   = {Studia Logica},
  volume    = {53},
  number    = {1},
  pages     = {119--136},
  year      = {1994},
  url       = {https://doi.org/10.1007/BF01053026},
  doi       = {10.1007/BF01053026},
  timestamp = {Sat, 20 May 2017 00:23:57 +0200},
  biburl    = {http://dblp.org/rec/bib/journals/sLogica/Kashima94},
  bibsource = {dblp computer science bibliography, http://dblp.org}
}

@article{plato08,
author = {Jan von Plato},
title = {Gentzen's proof of normalization for intuitionistic natural deduction},
journal = {Bulletin of Symbolic Logic},
volume = {14},
pages = {240-244},
year = {2008}
}

@article{blasio17,
	Author = {Carolina Blasio and Jo\~{a}o Marcos and Heinrich Wansing},
	Journal = {Bulletin of the Section of Logic},
	Pages = {233-262},
	Title = {An inferentially many-valued two dimensional notion of entailment},
	Volume = {46:3},
	Year = {2017}
}

@Book{troelstra96bpt,
  author =       "Anne S. Troelstra and Helmut Schwichtenberg",
  title =        "Basic Proof Theory",
  publisher =    "Cambridge Univ. Press",
  year =         "1996",
}

@article{andreoli92jlc,
  author    = {Jean{-}Marc Andreoli},
  title     = {Logic Programming with Focusing Proofs in Linear Logic},
  journal   = {J. Log. Comput.},
  volume    = {2},
  number    = {3},
  pages     = {297--347},
  year      = {1992},
  doi       = {10.1093/logcom/2.3.297},
} 

@Article{andreoli01apal,
  author =       "Jean-Marc Andreoli",
  title =        "Focussing and proof construction",
  journal =      "Annals of Pure and Applied Logic",
  volume =       "107",
  number =       "1",
  pages =        "131--163",
  year =         "2001",
}


@inproceedings{DBLP:conf/lpar/BoudardH13,
  author    = {M{\'{e}}lanie Boudard and
               Olivier Hermant},
  title     = {Polarizing Double-Negation Translations},
  booktitle = {Logic for Programming, Artificial Intelligence, and Reasoning - 19th
               International Conference, LPAR-19, Stellenbosch, South Africa, December
               14-19, 2013. Proceedings},
  pages     = {182--197},
  year      = {2013},
}

@incollection{Poggiolesi:2009vn,
	Author = {Francesca Poggiolesi},
	Booktitle = {Towards Mathematical Philosophy},
	Pages = {31-51},
	Publisher = {Springer},
	Series = {Trends In Logic},
	Title = {The method of Tree-hypersequents for Modal Propositional Logic},
	Volume = {28},
	Year = {2009},
}



@article{DBLP:journals/apal/IlikLH10,
  author    = {Danko Ilik and
               Gyesik Lee and
               Hugo Herbelin},
  title     = {Kripke models for classical logic},
  journal   = {Ann. Pure Appl. Logic},
  volume    = {161},
  number    = {11},
  pages     = {1367--1378},
  year      = {2010},
  doi       = {10.1016/j.apal.2010.04.007},
  timestamp = {Mon, 05 Jun 2017 20:52:11 +0200},
  biburl    = {https://dblp.org/rec/bib/journals/apal/IlikLH10},
  bibsource = {dblp computer science bibliography, https://dblp.org}
}

@article{DBLP:journals/jlp/Avigad01,
  author    = {Jeremy Avigad},
  title     = {Algebraic proofs of cut elimination},
  journal   = {J. Log. Algebr. Program.},
  volume    = {49},
  number    = {1-2},
  pages     = {15--30},
  year      = {2001},
  doi       = {10.1016/S1567-8326(01)00009-1},
  timestamp = {Sun, 28 May 2017 13:17:34 +0200},
  biburl    = {https://dblp.org/rec/bib/journals/jlp/Avigad01},
  bibsource = {dblp computer science bibliography, https://dblp.org}
}

@unpublished{restall,
author = {Greg Restall},
title = {Speech Acts \& the Quest for a Natural Account of Classical Proof},
note    = {Available at \url{https://consequently.org/writing/}},
year = {2021},
}

@book{prawitz1965,
  title={Natural {D}eduction, volume 3 of Stockholm Studies in Philosophy},
  author={Prawitz, Dag},
  year={1965},
  publisher={Almqvist and Wiksell}
}

@book{Negri:2011,
  title = {Proof Analysis: A Contribution to Hilbert's Last Problem},
  author = {Sara Negri and Jan von Plato},
  publisher = {Cambridge University Press},
  year = {2011},
  isbn = {9781107008953}
}

@article{NegVPl98,
  author    = {Sara Negri and
               Jan von Plato},
  title     = {Cut elimination in the presence of axioms},
  journal   = {Bulletin of Symbolic Logic},
  volume    = {4},
  number    = {4},
  pages     = {418--435},
  year      = {1998},
  url       = {http://www.math.ucla.edu/~asl/bsl/0404/0404-003.ps},
  timestamp = {Fri, 31 Mar 2006 14:53:24 +0200},
  biburl    = {http://dblp.uni-trier.de/rec/bib/journals/bsl/NegriP98},
  bibsource = {dblp computer science bibliography, http://dblp.org}
}


@Book{negri01spt,
  author =       "Sara Negri and Jan von Plato",
  title =        "Structural Proof Theory",
  publisher =    "Cambridge University Press",
  year =         "2001",
}


@article{DBLP:journals/mlq/Plato03,
  author    = {Jan von Plato},
  title     = {Translations from natural deduction to sequent calculus},
  journal   = {Math. Log. Q.},
  volume    = {49},
  number    = {5},
  pages     = {435--443},
  year      = {2003},
  url       = {https://doi.org/10.1002/malq.200310047},
  doi       = {10.1002/malq.200310047},
  timestamp = {Wed, 17 May 2017 14:25:51 +0200},
  biburl    = {https://dblp.org/rec/bib/journals/mlq/Plato03},
  bibsource = {dblp computer science bibliography, https://dblp.org}
}

@article{DBLP:journals/corr/abs-2012-08994,
  author    = {Alejandro D{\'{\i}}az{-}Caro and
               Gilles Dowek},
  title     = {A New Connective in Natural Deduction, and its Application to Quantum
               Computing},
  journal   = {CoRR},
  volume    = {abs/2012.08994},
  year      = {2020},
  url       = {https://arxiv.org/abs/2012.08994},
  archivePrefix = {arXiv},
  eprint    = {2012.08994},
  timestamp = {Sat, 02 Jan 2021 15:43:30 +0100},
  biburl    = {https://dblp.org/rec/journals/corr/abs-2012-08994.bib},
  bibsource = {dblp computer science bibliography, https://dblp.org}
}

@inproceedings{DBLP:conf/birthday/DAgostino05,
  author    = {Marcello D'Agostino},
  editor    = {Sergei N. Art{\"{e}}mov and
               Howard Barringer and
               Artur S. d'Avila Garcez and
               Lu{\'{\i}}s C. Lamb and
               John Woods},
  title     = {Classical Natural Deduction},
  booktitle = {We Will Show Them! Essays in Honour of Dov Gabbay, Volume One},
  pages     = {429--468},
  publisher = {College Publications},
  year      = {2005},
  timestamp = {Thu, 09 Jul 2020 09:13:39 +0200},
  biburl    = {https://dblp.org/rec/conf/birthday/DAgostino05.bib},
  bibsource = {dblp computer science bibliography, https://dblp.org}
}

@article{Pottinger76,
author    = {Garrel Pottinger},
 title     = {A New Way of Normalizing Intuitionist Propositional Logic},
 journal   = {Studia Logica}, 
 volume = {35},
 issue = {4},
 pages = {387--408}, 
 year = {1976}
 }

@article{DBLP:journals/entcs/EnglanderDH15,
  author    = {C{\'{e}}cilia Englander and
               Gilles Dowek and
               Edward Hermann Haeusler},
  title     = {Yet Another Bijection Between Sequent Calculus and Natural Deduction},
  journal   = {Electr. Notes Theor. Comput. Sci.},
  volume    = {312},
  pages     = {107--124},
  year      = {2015},
  url       = {https://doi.org/10.1016/j.entcs.2015.04.007},
  doi       = {10.1016/j.entcs.2015.04.007},
  timestamp = {Sun, 28 May 2017 13:22:56 +0200},
  biburl    = {https://dblp.org/rec/bib/journals/entcs/EnglanderDH15},
  bibsource = {dblp computer science bibliography, https://dblp.org}
}

@InCollection{howard80,
  author =       "William A. Howard",
  title =        "The formulae-as-type notion of construction, 1969",
  editor =       "J. P. Seldin and R. Hindley",
  booktitle =    "To H. B. Curry: Essays in Combinatory Logic, Lambda
                 Calculus, and Formalism",
  pages =        "479--490",
  publisher =    "Academic Press",
  address =      "New York",
  year =         "1980",
}

@inproceedings{DBLP:conf/ictac/Diaz-CaroD21,
  author    = {Alejandro D{\'{\i}}az{-}Caro and
               Gilles Dowek},
  editor    = {Antonio Cerone and
               Peter Csaba {\"{O}}lveczky},
  title     = {A New Connective in Natural Deduction, and Its Application to Quantum
               Computing},
  booktitle = {Theoretical Aspects of Computing - {ICTAC} 2021 - 18th International
               Colloquium, Virtual Event, Nur-Sultan, Kazakhstan, September 8-10,
               2021, Proceedings},
  series    = {Lecture Notes in Computer Science},
  volume    = {12819},
  pages     = {175--193},
  publisher = {Springer},
  year      = {2021},
  url       = {https://doi.org/10.1007/978-3-030-85315-0\_11},
  doi       = {10.1007/978-3-030-85315-0\_11},
  timestamp = {Wed, 25 Aug 2021 09:47:09 +0200},
  biburl    = {https://dblp.org/rec/conf/ictac/Diaz-CaroD21.bib},
  bibsource = {dblp computer science bibliography, https://dblp.org}
}


@article{DBLP:journals/aml/Plato01a,
  author    = {Jan von Plato},
  title     = {Natural deduction with general elimination rules},
  journal   = {Arch. Math. Log.},
  volume    = {40},
  number    = {7},
  pages     = {541--567},
  year      = {2001},
  url       = {https://doi.org/10.1007/s001530100091},
  doi       = {10.1007/s001530100091},
  timestamp = {Sat, 27 May 2017 14:23:40 +0200},
  biburl    = {https://dblp.org/rec/journals/aml/Plato01a.bib},
  bibsource = {dblp computer science bibliography, https://dblp.org}
}

@inproceedings{DBLP:conf/fossacs/SantoKP22,
  author    = {Jos{\'{e}} Esp{\'{\i}}rito Santo and
               Delia Kesner and
               Lo{\"{\i}}c Peyrot},
  editor    = {Patricia Bouyer and
               Lutz Schr{\"{o}}der},
  title     = {A Faithful and Quantitative Notion of Distant Reduction for Generalized
               Applications},
  booktitle = {Foundations of Software Science and Computation Structures - 25th
               International Conference, {FOSSACS} 2022, Held as Part of the European
               Joint Conferences on Theory and Practice of Software, {ETAPS} 2022,
               Munich, Germany, April 2-7, 2022, Proceedings},
  series    = {Lecture Notes in Computer Science},
  volume    = {13242},
  pages     = {285--304},
  publisher = {Springer},
  year      = {2022},
  url       = {https://doi.org/10.1007/978-3-030-99253-8\_15},
  doi       = {10.1007/978-3-030-99253-8\_15},
  timestamp = {Fri, 29 Apr 2022 14:50:32 +0200},
  biburl    = {https://dblp.org/rec/conf/fossacs/SantoKP22.bib},
  bibsource = {dblp computer science bibliography, https://dblp.org}
}

@InProceedings{parigot92lpar,
  author =       "Michel Parigot",
  title =        "$\lambda\mu$-Calculus: An Algorithmic Interpretation
                 of Classical Natural Deduction",
  booktitle =    "LPAR: Logic Programming and Automated Reasoning,
                 International Conference",
  pages =        "190--201",
  year =         "1992",
  volume =       "624",
  series =       "LNCS",
  publisher =    "Springer",
}



@Article{miller91apal,
  author =       "Dale Miller and Gopalan Nadathur and Frank Pfenning
                 and Andre Scedrov",
  title =        "Uniform Proofs as a Foundation for Logic Programming",
  journal =      "Annals of Pure and Applied Logic",
  year =         "1991",
  volume =       "51",
  pages =        "125--157",
}

@Article{girard87tcs,
  author =       "Jean-Yves Girard",
  title =        "Linear Logic",
  journal =      "Theoretical Computer Science",
  volume =       "50",
  year =         "1987",
  pages =        "1--102",
}

@article{DBLP:journals/mscs/Girard91,
  author    = {Jean{-}Yves Girard},
  title     = {A New Constructive Logic: Classical Logic},
  journal   = {Math. Struct. Comput. Sci.},
  volume    = {1},
  number    = {3},
  pages     = {255--296},
  year      = {1991},
  url       = {https://doi.org/10.1017/S0960129500001328},
  doi       = {10.1017/S0960129500001328},
  timestamp = {Wed, 01 Apr 2020 08:48:44 +0200},
  biburl    = {https://dblp.org/rec/journals/mscs/Girard91.bib},
  bibsource = {dblp computer science bibliography, https://dblp.org}
}


@article{luiz17,
author = {Luiz Carlos Pereira and Ricardo Oscar Rodriguez},
title = {Normalization, Soundness and Completeness for the Propositional Fragment of {P}rawitz' Ecumenical System},
journal   = {Revista Portuguesa de Filosofia},
  volume    = {73},
  number    = {3-3},
  pages     = {1153--1168},
year = {2017},
}

@article{DBLP:journals/apal/Girard93,
  author    = {Jean{-}Yves Girard},
  title     = {On the Unity of Logic},
  journal   = {Ann. Pure Appl. Logic},
  volume    = {59},
  number    = {3},
  pages     = {201--217},
  year      = {1993},
  url       = {https://doi.org/10.1016/0168-0072(93)90093-S},
  doi       = {10.1016/0168-0072(93)90093-S},
  timestamp = {Sat, 30 Dec 2017 13:59:02 +0100},
  biburl    = {https://dblp.org/rec/bib/journals/apal/Girard93},
  bibsource = {dblp computer science bibliography, https://dblp.org}
}

@inproceedings{DBLP:conf/tableaux/Lellmann19,
  author    = {Bj{\"{o}}rn Lellmann},
  title     = {Combining Monotone and Normal Modal Logic in Nested Sequents - with
               Countermodels},
  booktitle = {TABLEAUX},
  series    = {LNCS},
  volume    = {11714},
  pages     = {203--220},
  year      = {2019},
  url       = {https://doi.org/10.1007/978-3-030-29026-9\_12},
  doi       = {10.1007/978-3-030-29026-9\_12},
  timestamp = {Thu, 05 Sep 2019 19:42:07 +0200},
  biburl    = {https://dblp.org/rec/conf/tableaux/Lellmann19.bib},
  bibsource = {dblp computer science bibliography, https://dblp.org}
}

@incollection{Lellmann:2015lns,
  year={2015},
  isbn={978-3-319-24311-5},
  booktitle={TABLEAUX 2015},
  volume={9323},
  series={LNAI},
  title={Linear Nested Sequents, 2-Sequents and Hypersequents},
  publisher={Springer},
  author={Lellmann, Bj{\"o}rn},
  pages={135-150}
}



@book{Takeuti13,
author = {Gaisi Takeuti},
title = {Proof Theory: Second Edition},
publisher = {Dover Books on Mathematics},
year = {2013}
}

@Article{dyckhoff92jsl,
  author =       "Roy Dyckhoff",
  title =        "Contraction-free sequent calculi for intuitionistic
                 logic",
  month =        sep,
  year =         "1992",
  volume =       "57",
  number =       "3",
  pages =        "795--807",
  journal =      "Journal of Symbolic Logic",
}

@inproceedings{DBLP:conf/tableaux/CiabattoniMS13,
  author    = {Agata Ciabattoni and
               Paolo Maffezioli and
               Lara Spendier},
  editor    = {Didier Galmiche and
               Dominique Larchey{-}Wendling},
  title     = {Hypersequent and Labelled Calculi for Intermediate Logics},
  booktitle = {Automated Reasoning with Analytic Tableaux and Related Methods - 22th
               International Conference, {TABLEAUX} 2013, Nancy, France, September
               16-19, 2013. Proceedings},
  series    = {Lecture Notes in Computer Science},
  volume    = {8123},
  pages     = {81--96},
  publisher = {Springer},
  year      = {2013},
  url       = {https://doi.org/10.1007/978-3-642-40537-2\_9},
  doi       = {10.1007/978-3-642-40537-2\_9},
  timestamp = {Mon, 16 Sep 2019 15:24:38 +0200},
  biburl    = {https://dblp.org/rec/conf/tableaux/CiabattoniMS13.bib},
  bibsource = {dblp computer science bibliography, https://dblp.org}
}


@article{Fitting:2014,
  author    = {Melvin Fitting},
  title     = {Nested Sequents for Intuitionistic Logics},
  journal   = {Notre Dame Journal of Formal Logic},
  volume    = {55},
  number    = {1},
  pages     = {41-61},
  year      = {2014},
  url       = {http://dx.doi.org/10.1215/00294527-2377869},
  doi       = {10.1215/00294527-2377869},
}

@article{10.2307/24327109,
 ISSN = {10798986},
 URL = {http://www.jstor.org/stable/24327109},
 author = {Roy Dyckhoff and Sara Negri},
 journal = {The Bulletin of Symbolic Logic},
 number = {2},
 pages = {123--163},
 publisher = {[Association for Symbolic Logic, Cambridge University Press]},
 title = {Geometrisation of First-order Logic},
 volume = {21},
 year = {2015}
}


@article{DBLP:journals/aml/DyckhoffN12,
  author    = {Roy Dyckhoff and
               Sara Negri},
  title     = {Proof analysis in intermediate logics},
  journal   = {Arch. Math. Log.},
  volume    = {51},
  number    = {1-2},
  pages     = {71--92},
  year      = {2012},
  url       = {http://dx.doi.org/10.1007/s00153-011-0254-7},
  doi       = {10.1007/s00153-011-0254-7},
  timestamp = {Tue, 03 Jan 2012 14:39:31 +0100},
  biburl    = {http://dblp.uni-trier.de/rec/bib/journals/aml/DyckhoffN12},
  bibsource = {dblp computer science bibliography, http://dblp.org}
}


@book{DBLP:books/daglib/0003059,
  author    = {Luca Vigan{\`{o}}},
  title     = {Labelled non-classical logics},
  publisher = {Kluwer},
  year      = {2000},
  isbn      = {978-0-7923-7749-8},
}

@book{gentzen1969,
	year = {1969},
	title = {The Collected Papers of Gerhard Gentzen},
	author = {Gerhard Gentzen},
	publisher = {Amsterdam: North-Holland Pub. Co.}
}

@article{DBLP:journals/apal/LiangM11,
  author    = {Chuck Liang and
               Dale Miller},
  title     = {A focused approach to combining logics},
  journal   = {Ann. Pure Appl. Logic},
  volume    = {162},
  number    = {9},
  pages     = {679--697},
  year      = {2011},
  doi       = {10.1016/j.apal.2011.01.012},
  timestamp = {Sun, 12 Nov 2017 16:01:32 +0100},
  biburl    = {https://dblp.org/rec/bib/journals/apal/LiangM11},
  bibsource = {dblp computer science bibliography, https://dblp.org}
}

@unpublished{Krauss,
author    = {Peter Krauss},
  title     = {A constructive Refinement of Classical Logic},
  year      = {1992},
  note={Draft},
}

@article{DBLP:journals/sLogica/Schroeder-Heister14,
  author    = {Peter Schroeder{-}Heister},
  title     = {The Calculus of Higher-Level Rules, Propositional Quantification,
               and the Foundational Approach to Proof-Theoretic Harmony},
  journal   = {Studia Logica},
  volume    = {102},
  number    = {6},
  pages     = {1185--1216},
  year      = {2014},
  doi       = {10.1007/s11225-014-9562-3},
  timestamp = {Sat, 20 May 2017 00:23:57 +0200},
  biburl    = {https://dblp.org/rec/journals/sLogica/Schroeder-Heister14.bib},
  bibsource = {dblp computer science bibliography, https://dblp.org}
}

@article{Murzi2018,
  author    = {Julien Murzi},
  title     = {Classical Harmony and Separability},
  journal   = {Erkenntnis},
  publisher = {Springer},
  volume = {85},
  pages = {391 -- 415},
  year      = {2020},
}

@article{DBLP:journals/Dowek16a,
  author    = {Gilles Dowek},
  title     = {On the definition of the classical connectives and quantifiers},
  journal   = {Why is this a Proof?, Festschrift for Luiz Carlos Pereira},
  editors = {Edward Hermann Haeusler, Wagner de Campos Sanz, Bruno Lopes},
   volume    = {27},
  publisher = {College Publications},
  year      = {2016},
  pages = {228--238},
}

@inproceedings{DBLP:journals/Prawitz15,
  author    = {Dag Prawitz},
  title     = {Classical versus intuitionistic logic},
  booktitle = {Why is this a Proof?, Festschrift for Luiz Carlos Pereira},
  editor = {Edward Hermann Haeusler, Wagner de Campos Sanz, Bruno Lopes},
   volume    = {27},
  publisher = {College Publications},
  year      = {2015},
  pages = {15--32},
}


@article{val05,
author = {Valeria de Paiva and Luiz Carlos Pereira},
title = {A short note on Intuitionistic Propositional Logic with Multiple Conclusions},
 journal =      "Manuscrito",
  year =         "2005",
  volume =       "28",
  number =       "2",
  pages =        "317--329"
  }

@Article{maehara54nmj,
  author =       "S. Maehara",
  title =        "Eine Darstellung der intuitionistischen Logik in der
                 klassischen",
  journal =      "Nagoya Mathematical Journal",
  year =         "1954",
  pages =        "45--64",
}

@InProceedings{plotkin:stirling:86,
	author="Gordon D. Plotkin and Colin P. Stirling",
	title="A framework for intuitionistic modal logic",
	editor="J. Y. Halpern",
	booktitle="1st Conference on Theoretical Aspects of Reasoning About Knowledge",
	publisher =    "Morgan Kaufmann",
	year=1986
}